% This file was created with JabRef 2.10b2.
% Encoding: UTF-8


@Book{Lun1,
  Title                    = {Regelungstechnik 1: Systemtheoretische Grundlagen, Analyse und Entwurf einschleifiger Regelungen},
  Author                   = {Jan Lunze},
  Publisher                = {Springer Vieweg},
  Year                     = {2014},

  ISBN                     = {3642539084},
  Url                      = {http://www.amazon.com/Regelungstechnik-Systemtheoretische-Grundlagen-einschleifiger-Springer-Lehrbuch/dp/3642539084%3FSubscriptionId%3D0JYN1NVW651KCA56C102%26tag%3Dtechkie-20%26linkCode%3Dxm2%26camp%3D2025%26creative%3D165953%26creativeASIN%3D3642539084}
}

