@book{Lun1,
address = {Berlin, Heidelberg},
author = {Lunze, Jan},
doi = {10.1007/978-3-642-53909-1},
file = {:home/kathrin/Uni/BA/Literatur/Lunze1.pdf:pdf},
isbn = {978-3-642-53908-4},
issn = {0937-7433},
pmid = {25246403},
publisher = {Springer Berlin Heidelberg},
series = {Springer-Lehrbuch},
title = {{Regelungstechnik 1}},
url = {http://link.springer.com/10.1007/978-3-642-53909-1},
volume = {53},
year = {2014}
}
@book{Lun2,
address = {Berlin, Heidelberg},
archivePrefix = {arXiv},
arxivId = {arXiv:1011.1669v3},
author = {Lunze, Jan},
doi = {10.1007/978-3-642-53944-2},
eprint = {arXiv:1011.1669v3},
file = {:home/kathrin/Uni/BA/Literatur/Lunze2.pdf:pdf},
isbn = {978-3-642-53943-5},
issn = {16130073},
keywords = {Mobile,Named entity disambiguation,Natural language processing,News,Recommender system},
pmid = {25246403},
publisher = {Springer Berlin Heidelberg},
series = {Springer-Lehrbuch},
title = {{Regelungstechnik 2}},
url = {http://link.springer.com/10.1007/978-3-642-53944-2},
year = {2014}
}
@techreport{Ple1,
author = {Plenum},
file = {:home/kathrin/Uni/BA/Fette Daten/Messbericht{\_}LMT-Group.pdf:pdf},
title = {{{\"{U}}berpr{\"{u}}fung der Durchflussmessungen in der LMT-Group Schwarzenbek}},
year = {2016}
}
