
@book{hering_warmeschutz_2014,
	address = {Wiesbaden},
	series = {essentials},
	title = {Wärmeschutz und {Heizungstechnik}: {Ein} Überblick},
	isbn = {978-3-658-08601-5},
	shorttitle = {Wärmeschutz und {Heizungstechnik}},
	publisher = {Springer Vieweg},
	author = {Hering, Ekbert and Schröder, Bernd},
	year = {2014},
	keywords = {Engineering / Hydraulic engineering},
	annote = {Description based upon print version of record},
	annote = {Vervielfältigungen (z.B. Kopien, Downloads) sind nur von einzelnen Kapiteln oder Seiten und nur zum eigenen wissenschaftlichen Gebrauch erlaubt. Keine Weitergabe an Dritte. Kein systematisches Downloaden durch Robots.},
	file = {Library Catalog Entry Snapshot:/home/kathrin/.mozilla/firefox/mwad0hks.default/zotero/storage/QSGKUIXS/PPN.html:text/html}
}

@book{_taschenbuch_????,
	title = {Taschenbuch für {Heizung} und {Klimatechnik} : einschließlich {Warmwasser}- und {Kältetechnik} sowie {Energiekonzepte}},
	isbn = {978-3-486-35915-2},
	shorttitle = {Taschenbuch für {Heizung} und {Klimatechnik}},
	keywords = {Heizung / Klimatechnik},
	file = {Library Catalog Entry Snapshot:/home/kathrin/.mozilla/firefox/mwad0hks.default/zotero/storage/WSJN366A/PPN.html:text/html}
}